@article{lewbel2019identification,
  title     = {The identification zoo: Meanings of identification in econometrics},
  author    = {Lewbel, Arthur},
  journal   = {Journal of Economic Literature},
  volume    = {57},
  number    = {4},
  pages     = {835--903},
  year      = {2019},
  publisher = {American Economic Association 2014 Broadway, Suite 305, Nashville, TN 37203-2425}
}